@Article{Xiong2021,
    author={Xiong, Jianghao
    and Hsiang, En-Lin
    and He, Ziqian
    and Zhan, Tao
    and Wu, Shin-Tson},
    title={Augmented reality and virtual reality displays: emerging technologies and future perspectives},
    journal={Light: Science {\&} Applications},
    year={2021},
    month={10},
    day={25},
    volume={10},
    number={1},
    pages={216},
    issn={2047-7538},
    doi={10.1038/s41377-021-00658-8},
    url={https://doi.org/10.1038/s41377-021-00658-8}
}

