@book{book:anderson_david_kanban,
    title = {Kanban: successful evolutionary change in your software business},
    author = {Anderson, David J.},
    isbn = {9780984521401},
    year = {2010},
    publisher = {Sequim, WA: Blue Hole Press}
}