@online{agilewebsite,
    author    = "Shelley Pursell",
    title     = "Metodología Agile: qué es y cómo aplicarla a tu proyecto",
    url       = "https://blog.hubspot.es/marketing/metodologia-agile"
}

@online{web:kanban,
    author    = "Dan Radigan",
    title     = "Kanban: Aplicación de la metodología kanban en el desarrollo de software",
    url       = "https://www.atlassian.com/es/agile/kanban"
}